% preamble ---------------------------------------------------------------------

@Book{xie2015,
  title = {Dynamic Documents with {R} and knitr},
  author = {Xie, Y.},
  publisher = {Chapman and Hall/CRC},
  address = {Boca Raton, Florida},
  year = {2015},
  edition = {2nd},
  note = {ISBN 978-1498716963},
  url = {http://yihui.org/knitr/},
}

% chapter 1 --------------------------------------------------------------------

@article{chimowitz2011stenting,
  title={Stenting versus aggressive medical therapy for intracranial arterial stenosis},
  author={Chimowitz, M. I. and Lynn, M. J. and Derdeyn, C. P. and Turan, T. N. and Fiorella, D. and Lane, B. F. and Janis, L. S. and Lutsep, H. L. and Barnwell, S. L. and Waters, M. F. and others},
  journal={New England Journal of Medicine},
  volume={365},
  number={11},
  pages={993--1003},
  year={2011},
  publisher={Mass Medical Soc},
  url={http://www.nejm.org/doi/full/10.1056/NEJMoa1105335},
  note={NY Times article reporting on the study: \url{http://www.nytimes.com/2011/09/08/health/research/08stent.html}}
}

@article{wickham2014,
	title = {Tidy Data},
	author = {Wickham, H.},
	year = {2014},
	date = {2014},
	journal = {Journal of Statistical Software},
	volume = {59},
	number = {10},
	doi = {10.18637/jss.v059.i10},
	url = {http://dx.doi.org/10.18637/jss.v059.i10},
	langid = {en}
}

@techreport{bertrand2003,
	title = {{Are Emily and Greg More Employable than Lakisha and Jamal? A Field Experiment on Labor Market Discrimination}},
	author = {Bertrand, M. and Mullainathan, S.},
	year = {2003},
	month = {07},
	date = {2003-07},
	doi = {10.3386/w9873},
	url = {http://dx.doi.org/10.3386/w9873}
}

@article{Frederick:2009,
  title={Opportunity cost neglect},
  author={Frederick, S. and Novemsky, N. and Wang, J. and Dhar, R. and Nowlis, S.},
  journal={Journal of Consumer Research},
  volume={36},
  number={4},
  pages={553--561},
  year={2009},
  publisher={University of Chicago Press Chicago, IL}
}

@article{Bottiger:2001,
  title={Efficacy and safety of thrombolytic therapy after initially unsuccessful cardiopulmonary resuscitation: a prospective clinical trial},
  author={B{\"o}ttiger, B. W. and Bode, C. and Kern, S. and Gries, A. and Gust, R. and Gl{\"a}tzer, R. and Bauer, H. and Motsch, J. and Martin, E.},
  journal={The Lancet},
  volume={357},
  number={9268},
  pages={1583--1585},
  year={2001},
  publisher={Elsevier}
}

@article{Manson:2019,
  title={Marine n-3 fatty acids and prevention of cardiovascular disease and cancer},
  author={Manson, J. E. and Cook, N. R. and Lee, I-M. and Christen, W. and Bassuk, S. S. and Mora, S. and Gibson, H. and Albert, C. M. and Gordon, D. and Copeland, T. and others},
  journal={New England Journal of Medicine},
  volume={380},
  number={1},
  pages={23--32},
  year={2019},
  publisher={Mass Medical Soc},
  doi={10.1056/NEJMoa1811403}
}

@book{sleuth,
 title = {The Statistical Sleuth},
 author = {Ramsey, F. and Schafer, D.},
 edition = {3rd},
 year = 2012,
 publisher = {Cengage Learning}
 }

@book{ISCAM,
  title = {{Investigating Statistical Concepts, Applications, and Methods}},
  author = {Chance, B. and Rossman, A.},
  year = 2018,
  url = {http://www.rossmanchance.com/iscam3/}
  }

% ---

@article{Nunez:2018,
  title={Optimizing colormaps with consideration for color vision deficiency to enable accurate interpretation of scientific data},
  author={Nu{\~n}ez, J. R. and Anderton, C. R. and Renslow, R. S.},
  journal={PloS one},
  volume={13},
  number={7},
  year={2018},
  publisher={Public Library of Science San Francisco, CA USA},
  doi={10.1371/journal.pone.0199239}
}

@article{Rosen:1974,
  title={Influence of sex role stereotypes on personnel decisions.},
  author={Rosen, B. and Jerdee, T. H.},
  journal={Journal of Applied Psychology},
  volume={59},
  number={1},
  pages={9},
  year={1974},
  publisher={American Psychological Association},
  doi={doi.org/10.1037/h0035834}
}

@article{Gorman:2014,
  title={{Ecological sexual dimorphism and environmental variability within a community of Antarctic penguins (genus Pygoscelis)}},
  author={Gorman, K. B. and Williams, T. D. and Fraser, W. R.},
  journal={PloS one},
  volume={9},
  number={3},
  pages={e90081},
  year={2014},
  publisher={Public Library of Science},
  doi={doi.org/10.1371/journal.pone.0090081}
}

@article{Menard:2005,
  title={Transplantation of cardiac-committed mouse embryonic stem cells to infarcted sheep myocardium: a preclinical study},
  author={M{\'e}nard, C. and Hag{\`e}ge, A. A. and Agbulut, O. and Barro, M. and Morichetti, M. C. and Brasselet, C. and Bel, A. and Messas, E. and Bissery, A. and Bruneval, P. and others},
  journal={The Lancet},
  volume={366},
  number={9490},
  pages={1005--1012},
  year={2005},
  publisher={Elsevier}
}

@article{Hesterberg:2015,
  title={What teachers should know about the bootstrap: Resampling in the undergraduate statistics curriculum},
  author={Hesterberg, T. C.},
  journal={The American Statistician},
  volume={69},
  number={4},
  pages={371--386},
  year={2015},
  publisher={Taylor \& Francis},
  doi={10.1080/00031305.2015.1089789}
}

@article{Hayden:2019,
  title={Questionable Claims for Simple Versions of the Bootstrap},
  author={Hayden, R. W.},
  journal={Journal of Statistics Education},
  volume={27},
  number={3},
  pages={208--215},
  year={2019},
  publisher={Taylor \& Francis},
  doi={10.1080/10691898.2019.1669507}
}

@article{rubio-fernandez2021,
	title = {Speakers and listeners exploit word order for communicative efficiency: A cross-linguistic investigation.},
	author = {Rubio-Fernandez, P. and Mollica, F. and Jara-Ettinger, J.},
	year = {2021},
	month = {03},
	date = {2021-03},
	journal = {Journal of Experimental Psychology: General},
	pages = {583--594},
	volume = {150},
	number = {3},
	doi = {10.1037/xge0000963},
	url = {http://dx.doi.org/10.1037/xge0000963},
	langid = {en}
}

@article{Hesterbeg:2015,
  title={What teachers should know about the bootstrap: Resampling in the undergraduate statistics curriculum},
  author={Hesterberg, T. C.},
  journal={The American Statistician},
  volume={69},
  number={4},
  pages={371--386},
  year={2015},
  publisher={Taylor \& Francis},
  doi={10.1080/00031305.2015.1089789}
}

@article{Witmer:2021,
  author = {Witmer, J.},
  title = {Simpson's Paradox, Visual Displays, and Causal Diagrams},
  journal = {The American Mathematical Monthly},
  volume = {128},
  number = {7},
  pages = {598-610},
  year = {2021},
  publisher = {Taylor \& Francis},
  doi = {10.1080/00029890.2021.1932237}
}

@book{Spear1952,
  author = {Spear, M. E.},
  title = {Charting Statistics},
  year = 1952,
  publisher = {McGraw Hill Book Compay, Inc}
}
